<?xml version="1.0" encoding="UTF-8"?><collection xmlns="http://www.loc.gov/MARC21/slim"><record><leader>00527nam--2200193-i-4500</leader><controlfield tag="001">000036395</controlfield><controlfield tag="002">20161230</controlfield><controlfield tag="005">20161230201040</controlfield><controlfield tag="008">060222s1000------------r-----000-0-rum-d</controlfield><datafield ind1=" " ind2=" " tag="040"><subfield code="a">IFIN-HH</subfield></datafield><datafield ind1=" " ind2=" " tag="041"><subfield code="a">rum</subfield></datafield><datafield ind1=" " ind2=" " tag="080"><subfield code="a">537.533.35:578.6</subfield></datafield><datafield ind1="1" ind2=" " tag="100"><subfield code="a">Portocala, R</subfield></datafield><datafield ind1="1" ind2="0" tag="245"><subfield code="a">Microscopia electronica in biologie si inframicrobiologie</subfield><subfield code="c">R. portocala, n.i. ionescu</subfield></datafield><datafield ind1=" " ind2=" " tag="260"><subfield code="a">Bucuresti</subfield><subfield code="b">Editura Academiei Rpr</subfield><subfield code="c">1962</subfield></datafield><datafield ind1=" " ind2=" " tag="300"><subfield code="a">175P</subfield></datafield><datafield ind1="1" ind2=" " tag="700"><subfield code="a">Ionescu, N.I</subfield></datafield><datafield ind1=" " ind2=" " tag="852"><subfield code="a">44538</subfield><subfield code="c">H.H</subfield></datafield><datafield ind1=" " ind2=" " tag="CAT"><subfield code="a">Sys</subfield><subfield code="c">20130411</subfield><subfield code="h">140657</subfield></datafield></record></collection>